<record xmlns="http://www.loc.gov/MARC21/slim" xmlns:xsi="http://www.w3.org/2001/XMLSchema-instance" xsi:schemaLocation="http://www.loc.gov/MARC21/slim http://www.loc.gov/standards/marcxml/schema/MARC21slim.xsd">

  <leader>01073nam a2200325Ia 4500</leader>
  <datafield tag="999" ind2=" " ind1=" ">
    <subfield code="c">1227</subfield>
    <subfield code="d">1227</subfield>
  </datafield>
  <controlfield tag="008">170517b1997    s  ||||| |||| 00| | spa d</controlfield>
  <datafield tag="090" ind2=" " ind1=" ">
    <subfield code="a">01.02.06 </subfield>
    <subfield code="b">805</subfield>
  </datafield>
  <datafield tag="100" ind2=" " ind1="1">
    <subfield code="a">Baxter, Pamela</subfield>
    <subfield code="9">2764</subfield>
  </datafield>
  <datafield ind1="1" tag="245" ind2="3">
    <subfield code="a">La concientización sobre las minas antipersonal : Una reseña por país y algunas orientaciones curriculares para Bosnia / </subfield>
    <subfield code="c">Pamela Baxter, Jennifer Fisher, Gonzálo Retamal</subfield>
  </datafield>
  <datafield ind2=" " tag="260" ind1=" ">
    <subfield code="a">Lausanne, Suiza : </subfield>
    <subfield code="b">UNESCO, </subfield>
    <subfield code="c">1997</subfield>
  </datafield>
  <datafield ind1=" " ind2=" " tag="300">
    <subfield code="a">32 páginas</subfield>
  </datafield>
  <datafield ind1="1" ind2="4" tag="650">
    <subfield code="a">MINAS TERRESTRES </subfield>
    <subfield code="9">2765</subfield>
  </datafield>
  <datafield ind1="1" tag="650" ind2="4">
    <subfield code="a">GUÍA</subfield>
    <subfield code="9">1822</subfield>
  </datafield>
  <datafield tag="650" ind2="4" ind1="1">
    <subfield code="9">1618</subfield>
    <subfield code="a">CONCIENTIZACIÓN</subfield>
  </datafield>
  <datafield tag="650" ind2="4" ind1="1">
    <subfield code="a">EDUCACIÓN PRIMARIA</subfield>
    <subfield code="9">367</subfield>
  </datafield>
  <datafield ind1=" " tag="651" ind2="4">
    <subfield code="9">2770</subfield>
    <subfield code="a">AFGANISTÁN</subfield>
  </datafield>
  <datafield tag="651" ind2="4" ind1=" ">
    <subfield code="9">2771</subfield>
    <subfield code="a">ANGOLA</subfield>
  </datafield>
  <datafield ind2="4" tag="651" ind1=" ">
    <subfield code="9">2772</subfield>
    <subfield code="a">CAMBOYA</subfield>
  </datafield>
  <datafield ind2="4" tag="651" ind1=" ">
    <subfield code="9">2475</subfield>
    <subfield code="a">EL SALVADOR</subfield>
  </datafield>
  <datafield ind2="4" tag="651" ind1=" ">
    <subfield code="9">2773</subfield>
    <subfield code="a">IRAK</subfield>
  </datafield>
  <datafield tag="651" ind2="4" ind1=" ">
    <subfield code="9">2774</subfield>
    <subfield code="a">MOZAMBIQUE</subfield>
  </datafield>
  <datafield ind2="0" tag="651" ind1=" ">
    <subfield code="9">2775</subfield>
    <subfield code="a">REPÚBLICA DE RUANDA</subfield>
  </datafield>
  <datafield ind2="4" tag="651" ind1=" ">
    <subfield code="9">2776</subfield>
    <subfield code="a">SOMALIA</subfield>
  </datafield>
  <datafield ind1=" " ind2="4" tag="651">
    <subfield code="9">2777</subfield>
    <subfield code="a">CROACIA</subfield>
  </datafield>
  <datafield ind1=" " tag="651" ind2="4">
    <subfield code="9">2778</subfield>
    <subfield code="a">REPÚBLICA DE MACEDONIA</subfield>
  </datafield>
  <datafield ind2="4" tag="651" ind1=" ">
    <subfield code="9">2780</subfield>
    <subfield code="a">BOSNIA Y HERZEGOVINA</subfield>
  </datafield>
  <datafield ind1="1" ind2=" " tag="700">
    <subfield code="a">Fisher, Jennifer</subfield>
    <subfield code="9">2766</subfield>
  </datafield>
  <datafield ind2=" " tag="700" ind1="0">
    <subfield code="a"> Retamal, Gonzálo</subfield>
    <subfield code="9">2768</subfield>
  </datafield>
  <datafield ind2=" " tag="942" ind1=" ">
    <subfield code="2">z</subfield>
    <subfield code="c">01</subfield>
  </datafield>
</record>